@incollection{ahmed05,
    year={2005},
    isbn={978-3-540-25593-2},
    booktitle={Typed Lambda Calculi and Applications},
    volume={3461},
    series={Lecture Notes in Computer Science},
    editor={Urzyczyn, Pawe≈Ç},
    doi={10.1007/11417170_22},
    title={L3: A Linear Language with Locations},
    url={http://dx.doi.org/10.1007/11417170_22},
    publisher={Springer Berlin Heidelberg},
    author={Morrisett, Greg and Ahmed, Amal and Fluet, Matthew},
    pages={293-307},
    language={English}
}
