@incollection{ahmed05,
    year={2005},
    isbn={978-3-540-25593-2},
    booktitle={Typed Lambda Calculi and Applications},
    volume={3461},
    series={Lecture Notes in Computer Science},
    editor={Urzyczyn, Paweł},
    doi={10.1007/11417170_22},
    title={{$L^3$: A Linear Language with Locations}},
    url={http://dx.doi.org/10.1007/11417170_22},
    publisher={Springer Berlin Heidelberg},
    author={Morrisett, Greg and Ahmed, Amal and Fluet, Matthew},
    pages={293-307},
    language={English}
}

@article{leroy09,
  author = {Xavier Leroy},
  title = {Formal verification of a realistic compiler},
  journal = {Communications of the ACM},
  year = {2009},
  volume = {52},
  number = {7},
  pages = {107-115}
}

@article{klein14,
 author = {Klein, Gerwin and Andronick, June and Elphinstone, Kevin and Murray, Toby and Sewell, Thomas and Kolanski, Rafal and Heiser, Gernot},
 title = {{Comprehensive Formal Verification of an OS Microkernel}},
 journal = {ACM Trans. Comput. Syst.},
 issue_date = {February 2014},
 volume = {32},
 number = {1},
 month = feb,
 year = {2014},
 issn = {0734-2071},
 pages = {2:1--2:70},
 articleno = {2},
 numpages = {70},
 url = {http://doi.acm.org/10.1145/2560537},
 doi = {10.1145/2560537},
 acmid = {2560537},
 publisher = {ACM},
 address = {New York, NY, USA},
 keywords = {Isabelle/HOL, L4, microkernel, operating systems, seL4},
}

@article{girard87,
    title = "Linear logic",
    journal = "Theoretical Computer Science",
    volume = "50",
    number = "1",
    pages = "1 - 101",
    year = "1987",
    note = "",
    issn = "0304-3975",
    doi = "http://dx.doi.org/10.1016/0304-3975(87)90045-4",
    url = "http://www.sciencedirect.com/science/article/pii/0304397587900454",
    author = "Jean-Yves Girard",
}

@INPROCEEDINGS{wadler90,
    author = {Philip Wadler},
    title = {Linear Types Can Change the World!},
    booktitle = {Programming Concepts and Methods},
    year = {1990},
    publisher = {North}
}

@incollection{wadler93,
    year={1993},
    isbn={978-3-540-57182-7},
    booktitle={Mathematical Foundations of Computer Science 1993},
    volume={711},
    series={Lecture Notes in Computer Science},
    editor={Borzyszkowski, AndrzejM. and Sokołowski, Stefan},
    doi={10.1007/3-540-57182-5_12},
    title={A taste of linear logic},
    url={http://dx.doi.org/10.1007/3-540-57182-5_12},
    publisher={Springer Berlin Heidelberg},
    author={Wadler, Philip},
    pages={185-210},
    language={English}
}

@inproceedings{deVries07,
  author    = {Edsko de Vries and
               Rinus Plasmeijer and
               David M. Abrahamson},
  title     = {Uniqueness Typing Simplified},
  booktitle = {Implementation and Application of Functional Languages, 19th International
               Workshop, {IFL} 2007, Freiburg, Germany, September 27-29, 2007. Revised
               Selected Papers},
  pages     = {201--218},
  year      = {2007},
  url       = {http://dx.doi.org/10.1007/978-3-540-85373-2_12},
  doi       = {10.1007/978-3-540-85373-2_12},
  timestamp = {Fri, 05 Sep 2008 09:35:34 +0200},
  biburl    = {http://dblp.uni-trier.de/rec/bib/conf/ifl/VriesPA07},
  bibsource = {dblp computer science bibliography, http://dblp.org}
}

@phdthesis{deVriesPhD08,
  author       = {Edkso de Vries},
  title        = {{Making Uniqueness Typing Less Unique}},
  school       = {Trinity College Dublin},
  year         = 2008,
  month        = 12,
}

@incollection{fluet06,
    year={2006},
    isbn={978-3-540-33095-0},
    booktitle={Programming Languages and Systems},
    volume={3924},
    series={Lecture Notes in Computer Science},
    editor={Sestoft, Peter},
    doi={10.1007/11693024_2},
    title={Linear Regions Are All You Need},
    url={http://dx.doi.org/10.1007/11693024_2},
    publisher={Springer Berlin Heidelberg},
    author={Fluet, Matthew and Morrisett, Greg and Ahmed, Amal},
    pages={7-21},
    language={English}
}

@incollection{pfenning99,
  title={System description: Twelf—a meta-logical framework for deductive systems},
  author={Pfenning, Frank and Sch{\"u}rmann, Carsten},
  booktitle={Automated Deduction—CADE-16},
  pages={202--206},
  year={1999},
  publisher={Springer}
}

@techreport{jim01,
  title={Formal Type Soundness for Cyclone's Region System},
  author={Jim, Trevor and Morrisett, Greg and Grossman, Dan and Wang, Yanling and Cheney, James and Hicks, Mike},
  year={2001},
  institution={Cornell University}
}

@article{grossman05,
  title={Cyclone: A type-safe dialect of C},
  author={Grossman, Dan and Hicks, Michael and Jim, Trevor and Morrisett, Greg},
  journal={C/C++ Users Journal},
  volume={23},
  number={1},
  pages={112--139},
  year={2005}
}

@inproceedings{fluet04,
  title={Monadic regions},
  author={Fluet, Matthew and Morrisett, Greg},
  booktitle={ACM SIGPLAN Notices},
  volume={39},
  number={9},
  pages={103--114},
  year={2004},
  organization={ACM}
}

@online{cycloneWeb,
  author = {Grossman, Dan and Hicks, Michael and Jim, Trevor and Morrisett, Greg and Swamy, Nikhil},
  title = {Cyclone The Language},
  year = 2015,
  url = {https://web.archive.org/web/20151001183730/http://cyclone.thelanguage.org/},
  urldate = {2015-10-01}
}

@incollection{clean87,
    year={1987},
    isbn={978-3-540-18317-4},
    booktitle={Functional Programming Languages and Computer Architecture},
    volume={274},
    series={Lecture Notes in Computer Science},
    editor={Kahn, Gilles},
    doi={10.1007/3-540-18317-5_20},
    title={Clean — A language for functional graph rewriting},
    url={http://dx.doi.org/10.1007/3-540-18317-5_20},
    publisher={Springer Berlin Heidelberg},
    author={Brus, T.H. and van Eekelen, M.C.J.D. and van Leer, M.O. and Plasmeijer, M.J.},
    pages={364-384},
    language={English}
}

@misc{rustWeb,
  author = {{Mozilla Resarch}},
  title = {{The Rust Programming Language}},
  year = 2015,
  howpublished = {\url{https://rust-lang.org/}},
  urldate = {2015-10-19}
}

@article{pottier13,
  title={Syntactic soundness proof of a type-and-capability system with hidden state},
  author={Pottier, Fran\frenchc{c}ois},
  journal={Journal of functional programming},
  volume={23},
  number={01},
  pages={38--144},
  year={2013},
  publisher={Cambridge Univ Press}
}

@article{mezzo14,
  title={The design and formalization of {Mezzo}, a permission-based programming language},
  author={Balabonski, Thibaut and Pottier, Fran\frenchc{c}ois and Protzenko, Jonathan},
  journal={Submitted for publication},
  year={2014}
}

@inproceedings{crary99,
  title={{TALx86: A realistic typed assembly language}},
  author={Crary, K and Glew, Neal and Grossman, Dan and Samuels, Richard and Smith, F and Walker, D and Weirich, S and Zdancewic, S},
  booktitle={1999 ACM SIGPLAN Workshop on Compiler Support for System Software Atlanta, GA, USA},
  pages={25--35},
  year={1999}
}

@article{ahmed10,
  title={Semantic foundations for typed assembly languages},
  author={Ahmed, Amal and Appel, Andrew W and Richards, Christopher D and Swadi, Kedar N and Tan, Gang and Wang, Daniel C},
  journal={ACM Transactions on Programming Languages and Systems (TOPLAS)},
  volume={32},
  number={3},
  pages={7},
  year={2010},
  publisher={ACM}
}

@article{chlipala11,
  title={Mostly-automated verification of low-level programs in computational separation logic},
  author={Chlipala, Adam},
  journal={ACM SIGPLAN Notices},
  volume={46},
  number={6},
  pages={234--245},
  year={2011},
  publisher={ACM}
}

@misc{dblib13,
  author = {Pottier, Fran\frenchc{c}ois},
  title = {{The \texttt{dblib} library for de Bruijn indices in Coq}},
  year = 2013,
  howpublished = {\url{https://github.com/fpottier/dblib}},
  urldate = {2015-10-19}
}

@book{pierce15,
  author = {Benjamin C. Pierce and Chris Casinghino and Marco Gaboardi and
                  Michael Greenberg and C\v{a}t\v{a}lin Hri\c{t}cu
                  and Vilhelm Sjoberg and Brent Yorgey},
  title = {{Software Foundations}},
  year = {2015},
  publisher = {Electronic textbook},
  plclub = {Yes},
  bcp = {Yes},
  keys = {poplmark,books},
  note = {\url{http://www.cis.upenn.edu/~bcpierce/sf}},
  ebook = {http://www.cis.upenn.edu/~bcpierce/sf},
  japanese = {http://proofcafe.org/sf}
}

@book{tapl,
 author = {Pierce, Benjamin C.},
 title = {Types and Programming Languages},
 year = {2002},
 isbn = {0-262-16209-1},
 publisher = {MIT Press},
 address = {Cambridge, MA, USA},
}

@misc{twelf08,
  author = {{Twelf Project}},
  title = {{Twelf Wiki - Higher-order abstract syntax}},
  year = 2008,
  howpublished = {\url{http://twelf.org/wiki/Higher-order_abstract_syntax}},
  urldate = {2008-02-14}
}

@book{despeyroux95,
  title={Higher-order abstract syntax in Coq},
  author={Despeyroux, Jo{\"e}lle and Felty, Amy and Hirschowitz, Andr{\'e}},
  year={1995},
  publisher={Springer}
}

@incollection{capretta07,
  title={Combining de Bruijn indices and higher-order abstract syntax in Coq},
  author={Capretta, Venanzio and Felty, Amy P},
  booktitle={Types for Proofs and Programs},
  pages={63--77},
  year={2007},
  publisher={Springer}
}

@inproceedings{deBruijn72,
  title={Lambda calculus notation with nameless dummies, a tool for automatic formula manipulation, with application to the Church-Rosser theorem},
  author={De Bruijn, Nicolaas Govert},
  booktitle={Indagationes Mathematicae (Proceedings)},
  volume={75},
  number={5},
  pages={381--392},
  year={1972},
  organization={Elsevier}
}

@misc{tlc15,
  author = {{Chargu\'{e}raud, Arthur}},
  title = {{LibTactics, and TLC: a non-constructive library for Coq}},
  year = 2016,
  howpublished = {\url{http://www.chargueraud.org/softs/tlc/}},
  urldate = {2016-05-30}
}

@incollection{smith00,
  title={Alias types},
  author={Smith, Frederick and Walker, David and Morrisett, Greg},
  booktitle={Programming Languages and Systems},
  pages={366--381},
  year={2000},
  publisher={Springer}
}

@inproceedings{reynolds02,
  title={Separation logic: A logic for shared mutable data structures},
  author={Reynolds, John C},
  booktitle={Logic in Computer Science, 2002. Proceedings. 17th Annual IEEE Symposium on},
  pages={55--74},
  year={2002},
  organization={IEEE}
}

@article{wright94,
  title={A syntactic approach to type soundness},
  author={Wright, Andrew K and Felleisen, Matthias},
  journal={Information and computation},
  volume={115},
  number={1},
  pages={38--94},
  year={1994},
  publisher={Elsevier}
}

@inproceedings{aydemir08,
  title={Engineering formal metatheory},
  author={Aydemir, Brian and Chargu{\'e}raud, Arthur and Pierce, Benjamin C and Pollack, Randy and Weirich, Stephanie},
  booktitle={ACM SIGPLAN Notices},
  volume={43},
  number={1},
  pages={3--15},
  year={2008},
  organization={ACM}
}

@article{morrisett99,
  title={{From System F to typed assembly language}},
  author={Morrisett, Greg and Walker, David and Crary, Karl and Glew, Neal},
  journal={ACM Transactions on Programming Languages and Systems (TOPLAS)},
  volume={21},
  number={3},
  pages={527--568},
  year={1999},
  publisher={ACM}
}

@techreport{isoc,
 author = {ISO},
 Institution = {International Organization for Standardization},
 address = {Geneva, Switzerland},
 Title = {{Information technology -- Programming languages -- C}},
 number = {9899:2011},
 Type = {ISO},
 Year = {2011}
}

@TECHREPORT{norrish98,
    author = {Michael Norrish},
    title = {{C formalised in HOL}},
    institution = {{University of Cambridge}},
    year = {1998}
}

@article{greenaway14,
 author = {Greenaway, David and Lim, Japheth and Andronick, June and Klein, Gerwin},
 title = {{Don't Sweat the Small Stuff: Formal Verification of C Code Without the Pain}},
 journal = {SIGPLAN Not.},
 issue_date = {June 2014},
 volume = {49},
 number = {6},
 month = jun,
 year = {2014},
 issn = {0362-1340},
 pages = {429--439},
 numpages = {11},
 url = {http://doi.acm.org/10.1145/2666356.2594296},
 doi = {10.1145/2666356.2594296},
 acmid = {2594296},
 publisher = {ACM},
 address = {New York, NY, USA},
 keywords = {C verification, Isabelle/HOL},
}

@book{barber96,
  title={Dual Intuitionistic Linear Logic},
  author={Barber, Andrew},
  year={1996}
}

@inproceedings{tov11,
  title={{Practical Affine Types}},
  author={Tov, Jesse A and Pucella, Riccardo},
  booktitle={ACM SIGPLAN Notices},
  volume={46},
  number={1},
  pages={447--458},
  year={2011},
  organization={ACM}
}

@book{gunterSemantics,
  author={Gunter, Carl A},
  title={{Semantics of Programming Languages}},
  year={1992},
  publisher={{MIT Press}}
}

@techreport{coqTypeClasses,
  title={A gentle introduction to type classes and relations in Coq},
  author={Cast{\'e}ran, Pierre and Sozeau, Matthieu},
  year={2012},
  institution={Citeseer}
}

@incollection{mcbride00,
  title={Elimination with a motive},
  author={McBride, Conor},
  booktitle={Types for proofs and programs},
  pages={197--216},
  year={2000},
  publisher={Springer}
}

@misc{dblibPullRequest,
  author = {Michael Sproul},
  title = {{Pull request for DbLib: Implement a `lowering' operation}},
  year = 2016,
  howpublished = {\url{https://github.com/fpottier/dblib/pull/5}},
  urldate = {2016-05-30}
}

@article{wadlerNoSubst,
  title={There's no substitute for linear logic},
  author={Wadler, Philip},
  year={1991}
}

@Inbook{mcbride16,
author="McBride, Conor",
editor="Lindley, Sam
and McBride, Conor
and Trinder, Phil
and Sannella, Don",
chapter="I Got Plenty o' Nuttin'",
title="A List of Successes That Can Change the World: Essays Dedicated to Philip Wadler on the Occasion of His 60th Birthday",
year="2016",
publisher="Springer International Publishing",
address="Cham",
pages="207--233",
isbn="978-3-319-30936-1",
doi="10.1007/978-3-319-30936-1_12",
url="http://dx.doi.org/10.1007/978-3-319-30936-1_12"
}

@misc{coqRefMan,
  author = {{Coq Development Team}},
  title = {{The Coq Proof Assistant v8.4pl6: Reference Manual}},
  year = 2015,
  howpublished = {\url{https://coq.inria.fr/distrib/V8.4pl6/files/Reference-Manual.pdf}},
  urldate = {2016-05-30}
}

@book{cpdt,
 author = {Chlipala, Adam},
 title = {{Certified Programming with Dependent Types}},
 year = {2016},
 isbn = {9780262026659},
 publisher = {MIT Press},
 howpublished = {\url{http://adam.chlipala.net/cpdt/}}
}

@incollection{klein12,
  title={Mechanised separation algebra},
  author={Klein, Gerwin and Kolanski, Rafal and Boyton, Andrew},
  booktitle={Interactive Theorem Proving},
  pages={332--337},
  year={2012},
  publisher={Springer}
}

@incollection{dockins09,
  title={A fresh look at separation algebras and share accounting},
  author={Dockins, Robert and Hobor, Aquinas and Appel, Andrew W},
  booktitle={Programming Languages and Systems},
  pages={161--177},
  year={2009},
  publisher={Springer}
}

@techreport{l3TechReport,
  title={{The Linear Language with Locations: Technical Report TR-24-04}},
  author={Morrisett, Greg and Ahmed, Amal and Fluet, Matthew},
  year={2004},
  institution={{Harvard University}}
}